@book{ostrom2015governing,
  title={Governing the Commons: The Evolution of Institutions for Collective Action},
  author={Ostrom, E.},
  isbn={9781316453926},
  series={Canto Classics},
  url={https://books.google.co.uk/books?id=hHGgCgAAQBAJ},
  year={2015},
  publisher={Cambridge University Press}
}
@Misc{churchill, 
    title={We Shall Fight Them On The Beaches},
    author={Winston Churchill},
    year={1940},
    month={June},
    publisher={British Parliament}

}